@online{BigO,
	author = {{Wikipedia contributors}},
	title = {{Big O notation}},
	year = 2001,
	url = {https://en.wikipedia.org/wiki/Big_O_notation#Formal_definition},
	urldate = {2021-04-22}
}

@online{Github,
	author = {{Andrea Barontini}},
	title = {{Quadratic Influence misc stuff}},
	year = 2020,
	url = {https://github.com/baro77/quadratic_influence},
	urldate = {2021-04-22}
}

@online{Vitalik,
	author = {{Vitalik Buterin}},
	title = {{Quadratic Payments: A Primer}},
	year = 2019,
	url = {https://vitalik.ca/general/2019/12/07/quadratic.html},
	urldate = {2021-04-22}
}

@online{Medium,
	author = {{Andrea Barontini}},
	title = {{Quadratic payments with constrained probabilities}},
	year = 2020,
	url = {https://medium.com/@baro77/quadratic-payments-with-constrained-probabilities-b40facba716?sk=60199e8bea21a8c0e6820791435aa6f0},
	urldate = {2021-04-22}
}

@online{Venice,
	author = {{Raffaele Pontremoli}},
	editor = {{Le Monde Illustré n.499}},
	title = {{Les habitants du quartier Saint-Marc, $4^{re}$ section, se rendent à l'Athénée pour voter le plébiscite.}},
	year = 1866,
	url = {https://it.wikipedia.org/wiki/Raffaele_Pontremoli#/media/File:Le_Monde_Illustré_1866_-_Votazioni_a_Venezia.jpg},
	urldate = {2021-04-22},
}
